@inproceedings{test-ref,
    title = {{Heuristic Evaluation: How-To}},
    author = {Jakob Nielsen},
    booktitle = {Heuristic Evaluation: How-To: Article},
    year = 1994,
    
}
